@article{Brito:2018rfr,
      author         = "Brito, Richard and Buonanno, Alessandra and Raymond,
                        Vivien",
      title          = "{Black-hole Spectroscopy by Making Full Use of
                        Gravitational-Wave Modeling}",
      journal        = "Phys. Rev.",
      volume         = "D98",
      year           = "2018",
      number         = "8",
      pages          = "084038",
      doi            = "10.1103/PhysRevD.98.084038",
      eprint         = "1805.00293",
      archivePrefix  = "arXiv",
      primaryClass   = "gr-qc",
      SLACcitation   = "%%CITATION = ARXIV:1805.00293;%%"
}
@article{Sathyaprakash:2019yqt,
      author         = "Sathyaprakash, B. S. and others",
      title          = "{Extreme Gravity and Fundamental Physics}",
      year           = "2019",
      eprint         = "1903.09221",
      archivePrefix  = "arXiv",
      primaryClass   = "astro-ph.HE",
      SLACcitation   = "%%CITATION = ARXIV:1903.09221;%%"
}
@article{Regimbau:2017,
  title = "{Digging Deeper: Observing Primordial Gravitational Waves below the Binary-Black-Hole-Produced Stochastic Background}",
  author = {Regimbau, T. and Evans, M. and Christensen, N. and Katsavounidis, E. and Sathyaprakash, B. and Vitale, S.},
  journal = {Phys. Rev. Lett.},
  volume = {118},
  issue = {15},
  pages = {151105},
  numpages = {6},
  year = {2017},
  month = {Apr},
  publisher = {American Physical Society},
  doi = {10.1103/PhysRevLett.118.151105},
  url = {https://link.aps.org/doi/10.1103/PhysRevLett.118.151105}
}

@article{Harms:2006,
  title = "{Big Bang Observer and the neutron-star-binary subtraction problem}",
  author = {Cutler, Curt and Harms, Jan},
  journal = {Phys. Rev. D},
  volume = {73},
  issue = {4},
  pages = {042001},
  numpages = {21},
  year = {2006},
  month = {Feb},
  publisher = {American Physical Society},
  doi = {10.1103/PhysRevD.73.042001},
  url = {http://link.aps.org/doi/10.1103/PhysRevD.73.042001}
}

@article{Smith:2018,
  title = "{Optimal Search for an Astrophysical Gravitational-Wave Background}",
  author = {Smith, Rory and Thrane, Eric},
  journal = {Phys. Rev. X},
  volume = {8},
  issue = {2},
  pages = {021019},
  numpages = {18},
  year = {2018},
  month = {Apr},
  publisher = {American Physical Society},
  doi = {10.1103/PhysRevX.8.021019},
  url = {https://link.aps.org/doi/10.1103/PhysRevX.8.021019}
}

@article{Amendola:2017ovw,
      author         = "Amendola, L. and Sawicki, I. and Kunz, M. and
                        Saltas, I. D.",
      title          = "{Direct detection of gravitational waves can measure the
                        time variation of the Planck mass}",
      journal        = "JCAP",
      volume         = "1808",
      year           = "2018",
      pages          = "030",
      doi            = "10.1088/1475-7516/2018/08/030",
      eprint         = "1712.08623",
      archivePrefix  = "arXiv",
      primaryClass   = "astro-ph.CO",
      SLACcitation   = "%%CITATION = ARXIV:1712.08623;%%"
}

@article{Punturo:2010zz,
      author         = "Punturo, M. and others",
      title          = "{The Einstein Telescope: A third-generation gravitational
                        wave observatory}",
      booktitle      = "{Proceedings, 14th Workshop on Gravitational wave data
                        analysis (GWDAW-14): Rome, Italy, January 26-29, 2010}",
      journal        = "Class. Quant. Grav.",
      volume         = "27",
      year           = "2010",
      pages          = "194002",
      doi            = "10.1088/0264-9381/27/19/194002",
      SLACcitation   = "%%CITATION = CQGRD,27,194002;%%"
}

@article{Sathyaprakash:2019nnu,
      author         = "Sathyaprakash, B. S. and others",
      title          = "{Cosmology and the Early Universe}",
      year           = "2019",
      eprint         = "1903.09260",
      archivePrefix  = "arXiv",
      primaryClass   = "astro-ph.HE",
      SLACcitation   = "%%CITATION = ARXIV:1903.09260;%%"
}
@article{Dwyer:2014fpa,
      author         = "Dwyer, Sheila and Sigg, Daniel and Ballmer, Stefan W. and
                        Barsotti, Lisa and Mavalvala, Nergis and Evans, Matthew",
      title          = "{Gravitational wave detector with cosmological reach}",
      journal        = "Phys. Rev.",
      volume         = "D91",
      year           = "2015",
      number         = "8",
      pages          = "082001",
      doi            = "10.1103/PhysRevD.91.082001",
      eprint         = "1410.0612",
      archivePrefix  = "arXiv",
      primaryClass   = "astro-ph.IM",
      SLACcitation   = "%%CITATION = ARXIV:1410.0612;%%"
}
@article{Abbott:2016blz,
      author         = "Abbott, B. P. and others",
      title          = "{Observation of Gravitational Waves from a Binary Black
                        Hole Merger}",
      journal        = "Phys. Rev. Lett.",
      volume         = "116",
      year           = "2016",
      number         = "6",
      pages          = "061102",
      doi            = "10.1103/PhysRevLett.116.061102",
      eprint         = "1602.03837",
      archivePrefix  = "arXiv",
      primaryClass   = "gr-qc",
      reportNumber   = "LIGO-P150914",
      SLACcitation   = "%%CITATION = ARXIV:1602.03837;%%"
}

@article{Cardoso:2019rvt,
      author         = "Cardoso, Vitor and Pani, Paolo",
      title          = "{Testing the nature of dark compact objects: a status
                        report}",
      journal        = "Living Rev. Rel.",
      volume         = "22",
      year           = "2019",
      number         = "1",
      pages          = "4",
      doi            = "10.1007/s41114-019-0020-4",
      eprint         = "1904.05363",
      archivePrefix  = "arXiv",
      primaryClass   = "gr-qc",
      SLACcitation   = "%%CITATION = ARXIV:1904.05363;%%"
}

@article{Maggiore:2019uih,
      author         = "Maggiore, Michele and others",
      title          = "{Science Case for the Einstein Telescope}",
      year           = "2019",
      eprint         = "1912.02622",
      archivePrefix  = "arXiv",
      primaryClass   = "astro-ph.CO",
      SLACcitation   = "%%CITATION = ARXIV:1912.02622;%%"
}


@article{Gasperini:2002bn,
      author         = "Gasperini, M. and Veneziano, G.",
      title          = "{The Pre - big bang scenario in string cosmology}",
      journal        = "Phys. Rept.",
      volume         = "373",
      year           = "2003",
      pages          = "1-212",
      doi            = "10.1016/S0370-1573(02)00389-7",
      eprint         = "hep-th/0207130",
      archivePrefix  = "arXiv",
      primaryClass   = "hep-th",
      reportNumber   = "BA-TH-02-437, CERN-TH-2002-104",
      SLACcitation   = "%%CITATION = HEP-TH/0207130;%%"
}

@article{Figueroa:2019paj,
      author         = "Figueroa, Daniel G. and Tanin, Erwin H.",
      title          = "{Ability of LIGO and LISA to probe the equation of state
                        of the early Universe}",
      journal        = "JCAP",
      volume         = "1908",
      year           = "2019",
      pages          = "011",
      doi            = "10.1088/1475-7516/2019/08/011",
      eprint         = "1905.11960",
      archivePrefix  = "arXiv",
      primaryClass   = "astro-ph.CO",
      SLACcitation   = "%%CITATION = ARXIV:1905.11960;%%"
}

@article{Bartolo:2019oiq,
      author         = "Bartolo, N. and Bertacca, D. and Matarrese, S. and
                        Peloso, M. and Ricciardone, A. and Riotto, A. and
                        Tasinato, G.",
      title          = "{Anisotropies and non-Gaussianity of the Cosmological
                        Gravitational Wave Background}",
      year           = "2019",
      eprint         = "1908.00527",
      archivePrefix  = "arXiv",
      primaryClass   = "astro-ph.CO",
      SLACcitation   = "%%CITATION = ARXIV:1908.00527;%%"
}
@article{Bertacca:2017vod,
	Archiveprefix = {arXiv},
	Author = {Bertacca, Daniele and Raccanelli, Alvise and Bartolo, Nicola and Matarrese, Sabino},
	Date-Added = {2019-10-09 12:35:32 +0200},
	Date-Modified = {2019-10-09 12:35:32 +0200},
	Doi = {10.1016/j.dark.2018.03.001},
	Eprint = {1702.01750},
	Journal = {Phys. Dark Univ.},
	Pages = {32-40},
	Primaryclass = {gr-qc},
	Slaccitation = {%%CITATION = ARXIV:1702.01750;%%},
	Title = {{Cosmological perturbation effects on gravitational-wave luminosity distance estimates}},
	Volume = {20},
	Year = {2018},
	Bdsk-Url-1 = {https://doi.org/10.1016/j.dark.2018.03.001}}

@article{Bertacca:2019fnt,
	Archiveprefix = {arXiv},
	Author = {Bertacca, Daniele and Ricciardone, Angelo and Bellomo, Nicola and Jenkins, Alexander C. and Matarrese, Sabino and Raccanelli, Alvise and Regimbau, Tania and Sakellariadou, Mairi},
	Date-Added = {2019-10-09 12:35:23 +0200},
	Date-Modified = {2019-10-09 12:35:23 +0200},
	Eprint = {1909.11627},
	Primaryclass = {astro-ph.CO},
	Reportnumber = {CERN-TH-2019-153, KCL-PH-TH 2019-73},
	Slaccitation = {%%CITATION = ARXIV:1909.11627;%%},
	Title = {{Projection effects on the observed angular spectrum of the astrophysical stochastic gravitational wave background}},
	Year = {2019}}

@article{Jenkins:2018uac,
	Archiveprefix = {arXiv},
	Author = {Jenkins, Alexander C. and Sakellariadou, Mairi and Regimbau, Tania and Slezak, Eric},
	Date-Added = {2019-10-09 12:35:17 +0200},
	Date-Modified = {2019-10-09 12:35:17 +0200},
	Doi = {10.1103/PhysRevD.98.063501},
	Eprint = {1806.01718},
	Journal = {Phys. Rev.},
	Number = {6},
	Pages = {063501},
	Primaryclass = {astro-ph.CO},
	Reportnumber = {KCL-PH-TH/2018-23, KCL-PH-TH-2018-23},
	Slaccitation = {%%CITATION = ARXIV:1806.01718;%%},
	Title = {{Anisotropies in the astrophysical gravitational-wave background: Predictions for the detection of compact binaries by LIGO and Virgo}},
	Volume = {D98},
	Year = {2018},
	Bdsk-Url-1 = {https://doi.org/10.1103/PhysRevD.98.063501}}

@article{Cusin:2017fwz,
	Archiveprefix = {arXiv},
	Author = {Cusin, Giulia and Pitrou, Cyril and Uzan, Jean-Philippe},
	Date-Added = {2019-10-09 12:35:04 +0200},
	Date-Modified = {2019-10-09 12:35:04 +0200},
	Doi = {10.1103/PhysRevD.96.103019},
	Eprint = {1704.06184},
	Journal = {Phys. Rev.},
	Number = {10},
	Pages = {103019},
	Primaryclass = {astro-ph.CO},
	Slaccitation = {%%CITATION = ARXIV:1704.06184;%%},
	Title = {{Anisotropy of the astrophysical gravitational wave background: Analytic expression of the angular power spectrum and correlation with cosmological observations}},
	Volume = {D96},
	Year = {2017},
	Bdsk-Url-1 = {https://doi.org/10.1103/PhysRevD.96.103019}}

@article{Caprini:2019pxz,
	Archiveprefix = {arXiv},
	Author = {Caprini, Chiara and Figueroa, Daniel G. and Flauger, Raphael and Nardini, Germano and Peloso, Marco and Pieroni, Mauro and Ricciardone, Angelo and Tasinato, Gianmassimo},
	Date-Added = {2019-10-09 12:34:58 +0200},
	Date-Modified = {2019-10-09 12:34:58 +0200},
	Eprint = {1906.09244},
	Primaryclass = {astro-ph.CO},
	Reportnumber = {LISA-CosWG-19-02},
	Slaccitation = {%%CITATION = ARXIV:1906.09244;%%},
	Title = {{Reconstructing the spectral shape of a stochastic gravitational wave background with LISA}},
	Year = {2019}}

@article{Regimbau:2011rp,
	Archiveprefix = {arXiv},
	Author = {Regimbau, Tania},
	Date-Added = {2019-10-09 12:34:45 +0200},
	Date-Modified = {2019-10-09 12:34:45 +0200},
	Doi = {10.1088/1674-4527/11/4/001},
	Eprint = {1101.2762},
	Journal = {Res. Astron. Astrophys.},
	Pages = {369-390},
	Primaryclass = {astro-ph.CO},
	Slaccitation = {%%CITATION = ARXIV:1101.2762;%%},
	Title = {{The astrophysical gravitational wave stochastic background}},
	Volume = {11},
	Year = {2011},
	Bdsk-Url-1 = {https://doi.org/10.1088/1674-4527/11/4/001}}

@article{Seoane:2013qna,
	Archiveprefix = {arXiv},
	Author = {Seoane, Pau Amaro and others},
	Collaboration = {eLISA},
	Date-Added = {2019-10-09 12:34:33 +0200},
	Date-Modified = {2019-10-09 12:34:33 +0200},
	Eprint = {1305.5720},
	Primaryclass = {astro-ph.CO},
	Slaccitation = {%%CITATION = ARXIV:1305.5720;%%},
	Title = {{The Gravitational Universe}},
	Year = {2013}}

@article{Seto:2007tn,
	Archiveprefix = {arXiv},
	Author = {Seto, Naoki and Taruya, Atsushi},
	Date-Added = {2019-10-09 12:34:18 +0200},
	Date-Modified = {2019-10-09 12:34:18 +0200},
	Doi = {10.1103/PhysRevLett.99.121101},
	Eprint = {0707.0535},
	Journal = {Phys. Rev. Lett.},
	Pages = {121101},
	Primaryclass = {astro-ph},
	Reportnumber = {UTAP-576, RESCEU-3-07},
	Slaccitation = {%%CITATION = ARXIV:0707.0535;%%},
	Title = {{Measuring a Parity Violation Signature in the Early Universe via Ground-based Laser Interferometers}},
	Volume = {99},
	Year = {2007},
	Bdsk-Url-1 = {https://doi.org/10.1103/PhysRevLett.99.121101}}

@article{Greene:2000ew,
	Archiveprefix = {arXiv},
	Author = {Greene, Patrick B. and Kofman, Lev},
	Date-Added = {2019-10-09 12:33:30 +0200},
	Date-Modified = {2019-10-09 12:33:30 +0200},
	Doi = {10.1103/PhysRevD.62.123516},
	Eprint = {hep-ph/0003018},
	Journal = {Phys. Rev.},
	Pages = {123516},
	Primaryclass = {hep-ph},
	Reportnumber = {CITA-2000-05},
	Slaccitation = {%%CITATION = HEP-PH/0003018;%%},
	Title = {{On the theory of fermionic preheating}},
	Volume = {D62},
	Year = {2000},
	Bdsk-Url-1 = {https://doi.org/10.1103/PhysRevD.62.123516}}

@article{Greene:1998nh,
	Archiveprefix = {arXiv},
	Author = {Greene, Patrick B. and Kofman, Lev},
	Date-Added = {2019-10-09 12:33:21 +0200},
	Date-Modified = {2019-10-09 12:33:21 +0200},
	Doi = {10.1016/S0370-2693(99)00020-9},
	Eprint = {hep-ph/9807339},
	Journal = {Phys. Lett.},
	Pages = {6-12},
	Primaryclass = {hep-ph},
	Reportnumber = {UH-IFA-98-44},
	Slaccitation = {%%CITATION = HEP-PH/9807339;%%},
	Title = {{Preheating of fermions}},
	Volume = {B448},
	Year = {1999},
	Bdsk-Url-1 = {https://doi.org/10.1016/S0370-2693(99)00020-9}}

@article{Kofman:1997yn,
	Archiveprefix = {arXiv},
	Author = {Kofman, Lev and Linde, Andrei D. and Starobinsky, Alexei A.},
	Date-Added = {2019-10-09 12:33:06 +0200},
	Date-Modified = {2019-10-09 12:33:06 +0200},
	Doi = {10.1103/PhysRevD.56.3258},
	Eprint = {hep-ph/9704452},
	Journal = {Phys. Rev.},
	Pages = {3258-3295},
	Primaryclass = {hep-ph},
	Reportnumber = {IFA-97-28, SU-ITP-97-18},
	Slaccitation = {%%CITATION = HEP-PH/9704452;%%},
	Title = {{Towards the theory of reheating after inflation}},
	Volume = {D56},
	Year = {1997},
	Bdsk-Url-1 = {https://doi.org/10.1103/PhysRevD.56.3258}}

@article{Kofman:1994rk,
	Archiveprefix = {arXiv},
	Author = {Kofman, Lev and Linde, Andrei D. and Starobinsky, Alexei A.},
	Date-Added = {2019-10-09 12:32:56 +0200},
	Date-Modified = {2019-10-09 12:32:56 +0200},
	Doi = {10.1103/PhysRevLett.73.3195},
	Eprint = {hep-th/9405187},
	Journal = {Phys. Rev. Lett.},
	Pages = {3195-3198},
	Primaryclass = {hep-th},
	Reportnumber = {UH-IFA-94-35, SU-ITP-94-13, YITP-U-94-15},
	Slaccitation = {%%CITATION = HEP-TH/9405187;%%},
	Title = {{Reheating after inflation}},
	Volume = {73},
	Year = {1994},
	Bdsk-Url-1 = {https://doi.org/10.1103/PhysRevLett.73.3195}}

@article{Domcke:2019zls,
      author         = "Domcke, Valerie and Garcia-Bellido, Juan and Peloso,
                        Marco and Pieroni, Mauro and Ricciardone, Angelo and
                        Sorbo, Lorenzo and Tasinato, Gianmassimo",
      title          = "{Measuring the net circular polarization of the
                        stochastic gravitational wave background with
                        interferometers}",
      year           = "2019",
      eprint         = "1910.08052",
      archivePrefix  = "arXiv",
      primaryClass   = "astro-ph.CO",
      SLACcitation   = "%%CITATION = ARXIV:1910.08052;%%"
}

@article{ET-dipole,
	Author = {V.~Domcke and J.~Garcia-Bellido and M.~Peloso and M.~Pieroni and A.~Ricciardone and L.~Sorbo and G.~Tasinato},
	Date-Added = {2019-10-09 12:31:34 +0200},
	Date-Modified = {2019-10-09 12:32:16 +0200},
	Title = {To appear}}

@article{Bartolo:2015qvr,
	Archiveprefix = {arXiv},
	Author = {Bartolo, Nicola and Cannone, Dario and Ricciardone, Angelo and Tasinato, Gianmassimo},
	Date-Added = {2019-10-09 12:31:23 +0200},
	Date-Modified = {2019-10-09 12:31:23 +0200},
	Doi = {10.1088/1475-7516/2016/03/044},
	Eprint = {1511.07414},
	Journal = {JCAP},
	Number = {03},
	Pages = {044},
	Primaryclass = {astro-ph.CO},
	Slaccitation = {%%CITATION = ARXIV:1511.07414;%%},
	Title = {{Distinctive signatures of space-time diffeomorphism breaking in EFT of inflation}},
	Volume = {1603},
	Year = {2016},
	Bdsk-Url-1 = {https://doi.org/10.1088/1475-7516/2016/03/044}}



@article{Lorenz:2010sm,
	Archiveprefix = {arXiv},
	Author = {Lorenz, Larissa and Ringeval, Christophe and Sakellariadou, Mairi},
	Doi = {10.1088/1475-7516/2010/10/003},
	Eprint = {1006.0931},
	Journal = {JCAP},
	Pages = {003},
	Primaryclass = {astro-ph.CO},
	Slaccitation = {%%CITATION = ARXIV:1006.0931;%%},
	Title = {{Cosmic string loop distribution on all length scales and at any redshift}},
	Volume = {1010},
	Year = {2010},
	Bdsk-Url-1 = {https://doi.org/10.1088/1475-7516/2010/10/003}}

@article{Blanco-Pillado:2019nto,
	Archiveprefix = {arXiv},
	Author = {Blanco-Pillado, Jose J. and Olum, Ken D. and Wachter, Jeremy M.},
	Doi = {10.1103/PhysRevD.100.023535},
	Eprint = {1903.06079},
	Journal = {Phys. Rev.},
	Number = {2},
	Pages = {023535},
	Primaryclass = {gr-qc},
	Slaccitation = {%%CITATION = ARXIV:1903.06079;%%},
	Title = {{Gravitational backreaction simulations of simple cosmic string loops}},
	Volume = {D100},
	Year = {2019},
	Bdsk-Url-1 = {https://doi.org/10.1103/PhysRevD.100.023535}}

@article{Cook:2011hg,
	Archiveprefix = {arXiv},
	Author = {Cook, Jessica L. and Sorbo, Lorenzo},
	Doi = {10.1103/PhysRevD.86.069901, 10.1103/PhysRevD.85.023534},
	Eprint = {1109.0022},
	Journal = {Phys. Rev.},
	Note = {[Erratum: Phys. Rev.D86,069901(2012)]},
	Pages = {023534},
	Primaryclass = {astro-ph.CO},
	Slaccitation = {%%CITATION = ARXIV:1109.0022;%%},
	Title = {{Particle production during inflation and gravitational waves detectable by ground-based interferometers}},
	Volume = {D85},
	Year = {2012},
	Bdsk-Url-1 = {https://doi.org/10.1103/PhysRevD.86.069901,%2010.1103/PhysRevD.85.023534}}

@article{Brustein:1995ah,
	Archiveprefix = {arXiv},
	Author = {Brustein, R. and Gasperini, M. and Giovannini, Massimo and Veneziano, G.},
	Doi = {10.1016/0370-2693(95)01128-D},
	Eprint = {hep-th/9507017},
	Journal = {Phys. Lett.},
	Pages = {45-51},
	Primaryclass = {hep-th},
	Reportnumber = {CERN-TH-95-144, BGU-PH-95-06},
	Slaccitation = {%%CITATION = HEP-TH/9507017;%%},
	Title = {{Relic gravitational waves from string cosmology}},
	Volume = {B361},
	Year = {1995},
	Bdsk-Url-1 = {https://doi.org/10.1016/0370-2693(95)01128-D}}

@article{Buonanno:1996xc,
	Archiveprefix = {arXiv},
	Author = {Buonanno, Alessandra and Maggiore, Michele and Ungarelli, Carlo},
	Doi = {10.1103/PhysRevD.55.3330},
	Eprint = {gr-qc/9605072},
	Journal = {Phys. Rev.},
	Pages = {3330-3336},
	Primaryclass = {gr-qc},
	Reportnumber = {IFUP-TH-25-96},
	Slaccitation = {%%CITATION = GR-QC/9605072;%%},
	Title = {{Spectrum of relic gravitational waves in string cosmology}},
	Volume = {D55},
	Year = {1997},
	Bdsk-Url-1 = {https://doi.org/10.1103/PhysRevD.55.3330}}

@article{Jeannerot:2003qv,
	Archiveprefix = {arXiv},
	Author = {Jeannerot, Rachel and Rocher, Jonathan and Sakellariadou, Mairi},
	Doi = {10.1103/PhysRevD.68.103514},
	Eprint = {hep-ph/0308134},
	Journal = {Phys. Rev.},
	Pages = {103514},
	Primaryclass = {hep-ph},
	Slaccitation = {%%CITATION = HEP-PH/0308134;%%},
	Title = {{How generic is cosmic string formation in SUSY GUTs}},
	Volume = {D68},
	Year = {2003},
	Bdsk-Url-1 = {https://doi.org/10.1103/PhysRevD.68.103514}}

@article{Gogoberidze:2007an,
	Archiveprefix = {arXiv},
	Author = {Gogoberidze, Grigol and Kahniashvili, Tina and Kosowsky, Arthur},
	Doi = {10.1103/PhysRevD.76.083002},
	Eprint = {0705.1733},
	Journal = {Phys. Rev.},
	Pages = {083002},
	Primaryclass = {astro-ph},
	Slaccitation = {%%CITATION = ARXIV:0705.1733;%%},
	Title = {{The Spectrum of Gravitational Radiation from Primordial Turbulence}},
	Volume = {D76},
	Year = {2007},
	Bdsk-Url-1 = {https://doi.org/10.1103/PhysRevD.76.083002}}

@article{Baumann:2018vus,
	Archiveprefix = {arXiv},
	Author = {Baumann, Daniel and Chia, Horng Sheng and Porto, Rafael A.},
	Doi = {10.1103/PhysRevD.99.044001},
	Eprint = {1804.03208},
	Journal = {Phys. Rev.},
	Number = {4},
	Pages = {044001},
	Primaryclass = {gr-qc},
	Reportnumber = {DESY-18-060, DESY 18-060},
	Slaccitation = {%%CITATION = ARXIV:1804.03208;%%},
	Title = {{Probing Ultralight Bosons with Binary Black Holes}},
	Volume = {D99},
	Year = {2019},
	Bdsk-Url-1 = {https://doi.org/10.1103/PhysRevD.99.044001}}

@article{East:2017ovw,
	Archiveprefix = {arXiv},
	Author = {East, William E. and Pretorius, Frans},
	Doi = {10.1103/PhysRevLett.119.041101},
	Eprint = {1704.04791},
	Journal = {Phys. Rev. Lett.},
	Number = {4},
	Pages = {041101},
	Primaryclass = {gr-qc},
	Slaccitation = {%%CITATION = ARXIV:1704.04791;%%},
	Title = {{Superradiant Instability and Backreaction of Massive Vector Fields around Kerr Black Holes}},
	Volume = {119},
	Year = {2017},
	Bdsk-Url-1 = {https://doi.org/10.1103/PhysRevLett.119.041101}}

@article{Brito:2014wla,
	Archiveprefix = {arXiv},
	Author = {Brito, Richard and Cardoso, Vitor and Pani, Paolo},
	Doi = {10.1088/0264-9381/32/13/134001},
	Eprint = {1411.0686},
	Journal = {Class. Quant. Grav.},
	Number = {13},
	Pages = {134001},
	Primaryclass = {gr-qc},
	Slaccitation = {%%CITATION = ARXIV:1411.0686;%%},
	Title = {{Black holes as particle detectors: evolution of superradiant instabilities}},
	Volume = {32},
	Year = {2015},
	Bdsk-Url-1 = {https://doi.org/10.1088/0264-9381/32/13/134001}}

@article{Arvanitaki:2010sy,
	Archiveprefix = {arXiv},
	Author = {Arvanitaki, Asimina and Dubovsky, Sergei},
	Doi = {10.1103/PhysRevD.83.044026},
	Eprint = {1004.3558},
	Journal = {Phys. Rev.},
	Pages = {044026},
	Primaryclass = {hep-th},
	Slaccitation = {%%CITATION = ARXIV:1004.3558;%%},
	Title = {{Exploring the String Axiverse with Precision Black Hole Physics}},
	Volume = {D83},
	Year = {2011},
	Bdsk-Url-1 = {https://doi.org/10.1103/PhysRevD.83.044026}}

@article{Hui:2016ltb,
	Archiveprefix = {arXiv},
	Author = {Hui, Lam and Ostriker, Jeremiah P. and Tremaine, Scott and Witten, Edward},
	Doi = {10.1103/PhysRevD.95.043541},
	Eprint = {1610.08297},
	Journal = {Phys. Rev.},
	Number = {4},
	Pages = {043541},
	Primaryclass = {astro-ph.CO},
	Slaccitation = {%%CITATION = ARXIV:1610.08297;%%},
	Title = {{Ultralight scalars as cosmological dark matter}},
	Volume = {D95},
	Year = {2017},
	Bdsk-Url-1 = {https://doi.org/10.1103/PhysRevD.95.043541}}

@inproceedings{Essig:2013lka,
	Archiveprefix = {arXiv},
	Author = {Essig, Rouven and others},
	Booktitle = {{Proceedings, 2013 Community Summer Study on the Future of U.S. Particle Physics: Snowmass on the Mississippi (CSS2013): Minneapolis, MN, USA, July 29-August 6, 2013}},
	Eprint = {1311.0029},
	Primaryclass = {hep-ph},
	Reportnumber = {YITP-SB-36},
	Slaccitation = {%%CITATION = ARXIV:1311.0029;%%},
	Title = {{Working Group Report: New Light Weakly Coupled Particles}},
	Url = {http://www.slac.stanford.edu/econf/C1307292/docs/IntensityFrontier/NewLight-17.pdf},
	Year = {2013},
	Bdsk-Url-1 = {http://www.slac.stanford.edu/econf/C1307292/docs/IntensityFrontier/NewLight-17.pdf}}

@article{Kouvaris:2018wnh,
	Archiveprefix = {arXiv},
	Author = {Kouvaris, Chris and Tinyakov, Peter and Tytgat, Michel H. G.},
	Doi = {10.1103/PhysRevLett.121.221102},
	Eprint = {1804.06740},
	Journal = {Phys. Rev. Lett.},
	Number = {22},
	Pages = {221102},
	Primaryclass = {astro-ph.HE},
	Reportnumber = {ULB-TH-18-05, CP3-ORIGINS-2018-014, ULB-TH/18-05, CP3-Origins-2018-014 DNRF90},
	Slaccitation = {%%CITATION = ARXIV:1804.06740;%%},
	Title = {{NonPrimordial Solar Mass Black Holes}},
	Volume = {121},
	Year = {2018},
	Bdsk-Url-1 = {https://doi.org/10.1103/PhysRevLett.121.221102}}

@article{Bramante:2017ulk,
	Archiveprefix = {arXiv},
	Author = {Bramante, Joseph and Linden, Tim and Tsai, Yu-Dai},
	Doi = {10.1103/PhysRevD.97.055016},
	Eprint = {1706.00001},
	Journal = {Phys. Rev.},
	Number = {5},
	Pages = {055016},
	Primaryclass = {hep-ph},
	Slaccitation = {%%CITATION = ARXIV:1706.00001;%%},
	Title = {{Searching for dark matter with neutron star mergers and quiet kilonovae}},
	Volume = {D97},
	Year = {2018},
	Bdsk-Url-1 = {https://doi.org/10.1103/PhysRevD.97.055016}}

@article{Gould:1989gw,
	Author = {Gould, Andrew and Draine, Bruce T. and Romani, Roger W. and Nussinov, Shmuel},
	Doi = {10.1016/0370-2693(90)91745-W},
	Journal = {Phys. Lett.},
	Pages = {337-343},
	Reportnumber = {IASSNS-AST 89/55},
	Slaccitation = {%%CITATION = PHLTA,B238,337;%%},
	Title = {{Neutron Stars: Graveyard of Charged Dark Matter}},
	Volume = {B238},
	Year = {1990},
	Bdsk-Url-1 = {https://doi.org/10.1016/0370-2693(90)91745-W}}

@article{Barausse:2016eii,
	Archiveprefix = {arXiv},
	Author = {Barausse, Enrico and Yunes, Nicolas and Chamberlain, Katie},
	Doi = {10.1103/PhysRevLett.116.241104},
	Eprint = {1603.04075},
	Journal = {Phys. Rev. Lett.},
	Number = {24},
	Pages = {241104},
	Primaryclass = {gr-qc},
	Slaccitation = {%%CITATION = ARXIV:1603.04075;%%},
	Title = {{Theory-Agnostic Constraints on Black-Hole Dipole Radiation with Multiband Gravitational-Wave Astrophysics}},
	Volume = {116},
	Year = {2016},
	Bdsk-Url-1 = {https://doi.org/10.1103/PhysRevLett.116.241104}}

@article{Krishnendu:2017shb,
	Archiveprefix = {arXiv},
	Author = {Krishnendu, N. V. and Arun, K. G. and Mishra, Chandra Kant},
	Doi = {10.1103/PhysRevLett.119.091101},
	Eprint = {1701.06318},
	Journal = {Phys. Rev. Lett.},
	Number = {9},
	Pages = {091101},
	Primaryclass = {gr-qc},
	Slaccitation = {%%CITATION = ARXIV:1701.06318;%%},
	Title = {{Testing the binary black hole nature of a compact binary coalescence}},
	Volume = {119},
	Year = {2017},
	Bdsk-Url-1 = {https://doi.org/10.1103/PhysRevLett.119.091101}}

@article{Messenger:2011gi,
	Archiveprefix = {arXiv},
	Author = {Messenger, C. and Read, J.},
	Doi = {10.1103/PhysRevLett.108.091101},
	Eprint = {1107.5725},
	Journal = {Phys. Rev. Lett.},
	Pages = {091101},
	Primaryclass = {gr-qc},
	Slaccitation = {%%CITATION = ARXIV:1107.5725;%%},
	Title = {{Measuring a cosmological distance-redshift relationship using only gravitational wave observations of binary neutron star coalescences}},
	Volume = {108},
	Year = {2012},
	Bdsk-Url-1 = {https://doi.org/10.1103/PhysRevLett.108.091101}}

@article{Belgacem:2019lwx,
	Archiveprefix = {arXiv},
	Author = {Belgacem, Enis and Dirian, Yves and Finke, Andreas and Foffa, Stefano and Maggiore, Michele},
	Eprint = {1907.02047},
	Journal = {JCAP, to appear},
	Primaryclass = {astro-ph.CO},
	Slaccitation = {%%CITATION = ARXIV:1907.02047;%%},
	Title = {{Nonlocal gravity and gravitational-wave observations}},
	pages = {1-11},
	Year = {2019}}

@article{Belgacem:2019pkk,
	Archiveprefix = {arXiv},
	Author = {Belgacem, Enis and others},
	Collaboration = {LISA Cosmology Working Group},
	Doi = {10.1088/1475-7516/2019/07/024},
	Eprint = {1906.01593},
	Journal = {JCAP},
	Pages = {024},
	Primaryclass = {astro-ph.CO},
	Reportnumber = {LISA CosWG-19-01; IFT-UAM-CSIC-19-79, LISA CosWG-19-01},
	Slaccitation = {%%CITATION = ARXIV:1906.01593;%%},
	Title = {{Testing modified gravity at cosmological distances with LISA standard sirens}},
	Volume = {1907},
	Year = {2019},
	Bdsk-Url-1 = {https://doi.org/10.1088/1475-7516/2019/07/024}}

@article{Abbott:2018xao,
	Archiveprefix = {arXiv},
	Author = {Abbott, T. M. C. and others},
	Collaboration = {DES},
	Doi = {10.1103/PhysRevD.99.123505},
	Eprint = {1810.02499},
	Journal = {Phys. Rev.},
	Pages = {123505},
	Primaryclass = {astro-ph.CO},
	Reportnumber = {FERMILAB-PUB-18-507-PPD},
	Slaccitation = {%%CITATION = ARXIV:1810.02499;%%},
	Title = {{Dark Energy Survey Year 1 Results: Constraints on Extended Cosmological Models from Galaxy Clustering and Weak Lensing}},
	Volume = {D99},
	Year = {2019},
	Bdsk-Url-1 = {https://doi.org/10.1103/PhysRevD.99.123505}}

@article{Aghanim:2018eyx,
	Archiveprefix = {arXiv},
	Author = {Aghanim, N. and others},
	Collaboration = {Planck},
	Eprint = {1807.06209},
	Primaryclass = {astro-ph.CO},
	Slaccitation = {%%CITATION = ARXIV:1807.06209;%%},
	Title = {{Planck 2018 results. VI. Cosmological parameters}},
	Year = {2018}}

@article{Wong:2019kwg,
	Archiveprefix = {arXiv},
	Author = {Wong, Kenneth C. and others},
	Eprint = {1907.04869},
	Primaryclass = {astro-ph.CO},
	Slaccitation = {%%CITATION = ARXIV:1907.04869;%%},
	Title = {{H0LiCOW XIII. A 2.4\% measurement of $H_{0}$ from lensed quasars: $5.3\sigma$ tension between early and late-Universe probes}},
	Year = {2019}}

@article{Riess:1998cb,
	Archiveprefix = {arXiv},
	Author = {Riess, A. G. and others},
	Collaboration = {Supernova Search Team},
	Doi = {10.1086/300499},
	Eprint = {astro-ph/9805201},
	Journal = {Astron.J.},
	Pages = {1009-1038},
	Primaryclass = {astro-ph},
	Slaccitation = {%%CITATION = ASTRO-PH/9805201;%%},
	Title = {{Observational evidence from supernovae for an accelerating universe and a cosmological constant}},
	Volume = {116},
	Year = {1998},
	Bdsk-Url-1 = {https://doi.org/10.1086/300499}}

@article{Perlmutter:1998np,
	Archiveprefix = {arXiv},
	Author = {Perlmutter, S. and others},
	Collaboration = {Supernova Cosmology Project},
	Doi = {10.1086/307221},
	Eprint = {astro-ph/9812133},
	Journal = {Astrophys.J.},
	Pages = {565-586},
	Primaryclass = {astro-ph},
	Reportnumber = {LBNL-41801, LBL-41801},
	Slaccitation = {%%CITATION = ASTRO-PH/9812133;%%},
	Title = {{Measurements of Omega and Lambda from 42 high redshift supernovae}},
	Volume = {517},
	Year = {1999},
	Bdsk-Url-1 = {https://doi.org/10.1086/307221}}

@article{Taylor:2012db,
	Archiveprefix = {arXiv},
	Author = {Taylor, S. R. and Gair, J. R.},
	Doi = {10.1103/PhysRevD.86.023502},
	Eprint = {1204.6739},
	Journal = {Phys. Rev.},
	Pages = {023502},
	Primaryclass = {astro-ph.CO},
	Slaccitation = {%%CITATION = ARXIV:1204.6739;%%},
	Title = {{Cosmology with the lights off: standard sirens in the Einstein Telescope era}},
	Volume = {D86},
	Year = {2012},
	Bdsk-Url-1 = {https://doi.org/10.1103/PhysRevD.86.023502}}

@article{Taylor:2011fs,
	Archiveprefix = {arXiv},
	Author = {Taylor, Stephen R. and Gair, Jonathan R. and Mandel, Ilya},
	Doi = {10.1103/PhysRevD.85.023535},
	Eprint = {1108.5161},
	Journal = {Phys. Rev.},
	Pages = {023535},
	Primaryclass = {gr-qc},
	Slaccitation = {%%CITATION = ARXIV:1108.5161;%%},
	Title = {{Hubble without the Hubble: Cosmology using advanced gravitational-wave detectors alone}},
	Volume = {D85},
	Year = {2012},
	Bdsk-Url-1 = {https://doi.org/10.1103/PhysRevD.85.023535}}

@article{DelPozzo:2011yh,
	Archiveprefix = {arXiv},
	Author = {Del Pozzo, Walter},
	Doi = {10.1103/PhysRevD.86.043011},
	Eprint = {1108.1317},
	Journal = {Phys. Rev.},
	Pages = {043011},
	Primaryclass = {astro-ph.CO},
	Slaccitation = {%%CITATION = ARXIV:1108.1317;%%},
	Title = {{Inference of the cosmological parameters from gravitational waves: application to second generation interferometers}},
	Volume = {D86},
	Year = {2012},
	Bdsk-Url-1 = {https://doi.org/10.1103/PhysRevD.86.043011}}

@article{Schutz:1986gp,
	Author = {Schutz, Bernard F.},
	Doi = {10.1038/323310a0},
	Journal = {Nature},
	Pages = {310-311},
	Slaccitation = {%%CITATION = NATUA,323,310;%%},
	Title = {{Determining the Hubble Constant from Gravitational Wave Observations}},
	Volume = {323},
	Year = {1986},
	Bdsk-Url-1 = {https://doi.org/10.1038/323310a0}}

@article{Cardoso:2019apo,
	Archiveprefix = {arXiv},
	Author = {Cardoso, Vitor and Foit, Valentino F. and Kleban, Matthew},
	Doi = {10.1088/1475-7516/2019/08/006},
	Eprint = {1902.10164},
	Journal = {JCAP},
	Pages = {006},
	Primaryclass = {hep-th},
	Slaccitation = {%%CITATION = ARXIV:1902.10164;%%},
	Title = {{Gravitational wave echoes from black hole area quantization}},
	Volume = {1908},
	Year = {2019},
	Bdsk-Url-1 = {https://doi.org/10.1088/1475-7516/2019/08/006}}

@article{Mathur:2005zp,
	Archiveprefix = {arXiv},
	Author = {Mathur, Samir D.},
	Booktitle = {{The quantum structure of space-time and the geometric nature of fundamental interactions. Proceedings, 4th Meeting, RTN2004, Kolymbari, Crete, Greece, September 5-10, 2004}},
	Doi = {10.1002/prop.200410203},
	Eprint = {hep-th/0502050},
	Journal = {Fortsch. Phys.},
	Pages = {793-827},
	Primaryclass = {hep-th},
	Slaccitation = {%%CITATION = HEP-TH/0502050;%%},
	Title = {{The Fuzzball proposal for black holes: An Elementary review}},
	Volume = {53},
	Year = {2005},
	Bdsk-Url-1 = {https://doi.org/10.1002/prop.200410203}}

@article{Almheiri:2012rt,
	Archiveprefix = {arXiv},
	Author = {Almheiri, Ahmed and Marolf, Donald and Polchinski, Joseph and Sully, James},
	Doi = {10.1007/JHEP02(2013)062},
	Eprint = {1207.3123},
	Journal = {JHEP},
	Pages = {062},
	Primaryclass = {hep-th},
	Slaccitation = {%%CITATION = ARXIV:1207.3123;%%},
	Title = {{Black Holes: Complementarity or Firewalls?}},
	Volume = {02},
	Year = {2013},
	Bdsk-Url-1 = {https://doi.org/10.1007/JHEP02(2013)062}}

@article{Cardoso:2016oxy,
	Archiveprefix = {arXiv},
	Author = {Cardoso, Vitor and Hopper, Seth and Macedo, Caio F. B. and Palenzuela, Carlos and Pani, Paolo},
	Doi = {10.1103/PhysRevD.94.084031},
	Eprint = {1608.08637},
	Journal = {Phys. Rev.},
	Number = {8},
	Pages = {084031},
	Primaryclass = {gr-qc},
	Slaccitation = {%%CITATION = ARXIV:1608.08637;%%},
	Title = {{Gravitational-wave signatures of exotic compact objects and of quantum corrections at the horizon scale}},
	Volume = {D94},
	Year = {2016},
	Bdsk-Url-1 = {https://doi.org/10.1103/PhysRevD.94.084031}}

@article{Cardoso:2016rao,
	Archiveprefix = {arXiv},
	Author = {Cardoso, Vitor and Franzin, Edgardo and Pani, Paolo},
	Doi = {10.1103/PhysRevLett.117.089902, 10.1103/PhysRevLett.116.171101},
	Eprint = {1602.07309},
	Journal = {Phys. Rev. Lett.},
	Note = {[Erratum: Phys. Rev. Lett.117,no.8,089902(2016)]},
	Number = {17},
	Pages = {171101},
	Primaryclass = {gr-qc},
	Slaccitation = {%%CITATION = ARXIV:1602.07309;%%},
	Title = {{Is the gravitational-wave ringdown a probe of the event horizon?}},
	Volume = {116},
	Year = {2016},
	Bdsk-Url-1 = {https://doi.org/10.1103/PhysRevLett.117.089902,%2010.1103/PhysRevLett.116.171101}}

@article{Cardoso:2017cqb,
	Archiveprefix = {arXiv},
	Author = {Cardoso, Vitor and Pani, Paolo},
	Doi = {10.1038/s41550-017-0225-y},
	Eprint = {1709.01525},
	Journal = {Nat. Astron.},
	Number = {9},
	Pages = {586-591},
	Primaryclass = {gr-qc},
	Slaccitation = {%%CITATION = ARXIV:1709.01525;%%},
	Title = {{Tests for the existence of black holes through gravitational wave echoes}},
	Volume = {1},
	Year = {2017},
	Bdsk-Url-1 = {https://doi.org/10.1038/s41550-017-0225-y}}

@article{Berti:2009kk,
	Archiveprefix = {arXiv},
	Author = {Berti, Emanuele and Cardoso, Vitor and Starinets, Andrei O.},
	Doi = {10.1088/0264-9381/26/16/163001},
	Eprint = {0905.2975},
	Journal = {Class. Quant. Grav.},
	Pages = {163001},
	Primaryclass = {gr-qc},
	Slaccitation = {%%CITATION = ARXIV:0905.2975;%%},
	Title = {{Quasinormal modes of black holes and black branes}},
	Volume = {26},
	Year = {2009},
	Bdsk-Url-1 = {https://doi.org/10.1088/0264-9381/26/16/163001}}

@article{Garcia-Bellido:2017fdg,
	Archiveprefix = {arXiv},
	Author = {Garcia-Bellido, Juan},
	Booktitle = {{Proceedings, 11th International LISA Symposium: Zurich, Switzerland, September 5-9, 2016}},
	Doi = {10.1088/1742-6596/840/1/012032},
	Eprint = {1702.08275},
	Journal = {J. Phys. Conf. Ser.},
	Number = {1},
	Pages = {012032},
	Primaryclass = {astro-ph.CO},
	Reportnumber = {IFT-UAM-CSIC-17-016},
	Slaccitation = {%%CITATION = ARXIV:1702.08275;%%},
	Title = {{Massive Primordial Black Holes as Dark Matter and their detection with Gravitational Waves}},
	Volume = {840},
	Year = {2017},
	Bdsk-Url-1 = {https://doi.org/10.1088/1742-6596/840/1/012032}}

@article{Clesse:2016ajp,
	Archiveprefix = {arXiv},
	Author = {Clesse, Sebastien and Garcia-Bellido, Juan},
	Doi = {10.1016/j.dark.2017.10.001},
	Eprint = {1610.08479},
	Journal = {Phys. Dark Univ.},
	Pages = {105-114},
	Primaryclass = {astro-ph.CO},
	Reportnumber = {TTK-16-42, IFT-UAM-CSIC-16-098},
	Slaccitation = {%%CITATION = ARXIV:1610.08479;%%},
	Title = {{Detecting the gravitational wave background from primordial black hole dark matter}},
	Volume = {18},
	Year = {2017},
	Bdsk-Url-1 = {https://doi.org/10.1016/j.dark.2017.10.001}}

@article{Clesse:2016vqa,
	Archiveprefix = {arXiv},
	Author = {Clesse, Sebastien and Garcia-Bellido, Juan},
	Doi = {10.1016/j.dark.2016.10.002},
	Eprint = {1603.05234},
	Journal = {Phys. Dark Univ.},
	Pages = {142-147},
	Primaryclass = {astro-ph.CO},
	Reportnumber = {TTK-16-10, IFT-UAM-CSIC-16-027},
	Slaccitation = {%%CITATION = ARXIV:1603.05234;%%},
	Title = {{The clustering of massive Primordial Black Holes as Dark Matter: measuring their mass distribution with Advanced LIGO}},
	Volume = {15},
	Year = {2017},
	Bdsk-Url-1 = {https://doi.org/10.1016/j.dark.2016.10.002}}

@article{Garcia-Bellido:2019vlf,
	Archiveprefix = {arXiv},
	Author = {Garcia-Bellido, Juan and Carr, Bernard and Clesse, Sebastien},
	Eprint = {1904.11482},
	Primaryclass = {astro-ph.CO},
	Slaccitation = {%%CITATION = ARXIV:1904.11482;%%},
	Title = {{A common origin for baryons and dark matter}},
	Year = {2019}}

@article{Carr:2019hud,
	Archiveprefix = {arXiv},
	Author = {Carr, Bernard and Clesse, Sebastien and Garcia-Bellido, Juan},
	Eprint = {1904.02129},
	Primaryclass = {astro-ph.CO},
	Slaccitation = {%%CITATION = ARXIV:1904.02129;%%},
	Title = {{Primordial black holes, dark matter and hot-spot electroweak baryogenesis at the quark-hadron epoch}},
	Year = {2019}}

@article{Tso:2018pdv,
	Archiveprefix = {arXiv},
	Author = {Tso, Rhondale and Gerosa, Davide and Chen, Yanbei},
	Doi = {10.1103/PhysRevD.99.124043},
	Eprint = {1807.00075},
	Journal = {Phys. Rev.},
	Pages = {124043},
	Primaryclass = {gr-qc},
	Slaccitation = {%%CITATION = ARXIV:1807.00075;%%},
	Title = {{Optimizing LIGO with LISA forewarnings to improve black-hole spectroscopy}},
	Volume = {D99},
	Year = {2019},
	Bdsk-Url-1 = {https://doi.org/10.1103/PhysRevD.99.124043}}



@article{Vitale:2016rfr,
	Archiveprefix = {arXiv},
	Author = {Vitale, Salvatore},
	Doi = {10.1103/PhysRevLett.117.051102},
	Eprint = {1605.01037},
	Journal = {Phys. Rev. Lett.},
	Number = {5},
	Pages = {051102},
	Primaryclass = {gr-qc},
	Reportnumber = {LIGO-P1600138},
	Slaccitation = {%%CITATION = ARXIV:1605.01037;%%},
	Title = {{Multiband Gravitational-Wave Astronomy: Parameter Estimation and Tests of General Relativity with Space- and Ground-Based Detectors}},
	Volume = {117},
	Year = {2016},
	Bdsk-Url-1 = {https://doi.org/10.1103/PhysRevLett.117.051102}}

@article{Sesana:2016ljz,
	Archiveprefix = {arXiv},
	Author = {Sesana, Alberto},
	Doi = {10.1103/PhysRevLett.116.231102},
	Eprint = {1602.06951},
	Journal = {Phys. Rev. Lett.},
	Pages = {231102},
	Primaryclass = {gr-qc},
	Slaccitation = {%%CITATION = ARXIV:1602.06951;%%},
	Title = {{Prospects for Multiband Gravitational-Wave Astronomy after GW150914}},
	Volume = {116},
	Year = {2016},
	Bdsk-Url-1 = {https://doi.org/10.1103/PhysRevLett.116.231102}}

@article{Audley:2017drz,
	Archiveprefix = {arXiv},
	Author = {Amaro-Seoane, P. and others},
	Eprint = {1702.00786},
	Primaryclass = {astro-ph.IM},
	Slaccitation = {%%CITATION = ARXIV:1702.00786;%%},
	Title = {{Laser Interferometer Space Antenna}},
	Year = {2017}}

@article{Belgacem:2019tbw,
	Archiveprefix = {arXiv},
	Author = {Belgacem, Enis and Dirian, Yves and Foffa, Stefano and Howell, Eric J. and Maggiore, Michele and Regimbau, Tania},
	Doi = {10.1088/1475-7516/2019/08/015},
	Eprint = {1907.01487},
	Journal = {JCAP},
	Pages = {015},
	Primaryclass = {astro-ph.CO},
	Slaccitation = {%%CITATION = ARXIV:1907.01487;%%},
	Title = {{Cosmology and dark energy from joint gravitational wave-GRB observations}},
	Volume = {2019},
	Year = {2020},
	Bdsk-Url-1 = {https://doi.org/10.1088/1475-7516/2019/08/015}}

@article{Zhao:2017cbb,
	Archiveprefix = {arXiv},
	Author = {Zhao, Wen and Wen, Linqing},
	Doi = {10.1103/PhysRevD.97.064031},
	Eprint = {1710.05325},
	Journal = {Phys. Rev.},
	Pages = {064031},
	Primaryclass = {astro-ph.CO},
	Slaccitation = {%%CITATION = ARXIV:1710.05325;%%},
	Title = {{Localization accuracy of compact binary coalescences detected by the third-generation gravitational-wave detectors and implication for cosmology}},
	Volume = {D97},
	Year = {2018},
	Bdsk-Url-1 = {https://doi.org/10.1103/PhysRevD.97.064031}}

@article{Hebeler:2010jx,
	Author = {Hebeler, K. and Lattimer, J. M. and Pethick, C. J. and Schwenk, A.},
	Doi = {10.1103/PhysRevLett.105.161102},
	Journal = {Phys. Rev. Lett.},
	Pages = {161102},
	Title = {{Constraints on neutron star radii based on chiral effective field theory interactions}},
	Volume = {105},
	Year = {2010},
	Bdsk-Url-1 = {https://doi.org/10.1103/PhysRevLett.105.161102}}

@article{Gandolfi:2011xu,
	Author = {Gandolfi, S. and Carlson, J. and Reddy, Sanjay},
	Doi = {10.1103/PhysRevC.85.032801},
	Journal = {Phys. Rev.},
	Pages = {032801},
	Title = {{The maximum mass and radius of neutron stars and the nuclear symmetry energy}},
	Volume = {C85},
	Year = {2012},
	Bdsk-Url-1 = {https://doi.org/10.1103/PhysRevC.85.032801}}

@article{Tews:2018kmu,
	Author = {Tews, Ingo and Carlson, Joseph and Gandolfi, Stefano\ and Reddy, Sanjay},
	Doi = {10.3847/1538-4357/aac267},
	Journal = {Astrophys. J.},
	Number = {2},
	Pages = {149},
	Title = {{Constraining the speed of sound inside neutron stars with chiral effective field theory interactions and observations}},
	Volume = {860},
	Year = {2018},
	Bdsk-Url-1 = {https://doi.org/10.3847/1538-4357/aac267}}

@article{Abbott:2018exr,
	Archiveprefix = {arXiv},
	Author = {Abbott, B. P. and others},
	Doi = {10.1103/PhysRevLett.121.161101},
	Eprint = {1805.11581},
	Journal = {Phys. Rev. Lett.},
	Number = {16},
	Pages = {161101},
	Primaryclass = {gr-qc},
	Reportnumber = {LIGO-P1800115},
	Slaccitation = {%%CITATION = ARXIV:1805.11581;%%},
	Title = {{GW170817: Measurements of neutron star radii and equation of state}},
	Volume = {121},
	Year = {2018},
	Bdsk-Url-1 = {https://doi.org/10.1103/PhysRevLett.121.161101}}

@article{TheLIGOScientific:2017qsa,
	Archiveprefix = {arXiv},
	Author = {Abbott, B. P. and others},
	Doi = {10.1103/PhysRevLett.119.161101},
	Eprint = {1710.05832},
	Journal = {Phys. Rev. Lett.},
	Number = {16},
	Pages = {161101},
	Primaryclass = {gr-qc},
	Reportnumber = {LIGO-P170817},
	Slaccitation = {%%CITATION = ARXIV:1710.05832;%%},
	Title = {{GW170817: Observation of Gravitational Waves from a Binary Neutron Star Inspiral}},
	Volume = {119},
	Year = {2017},
	Bdsk-Url-1 = {https://doi.org/10.1103/PhysRevLett.119.161101}}
	
@article{Goldstein:2017mmi,
      author         = "Goldstein, A. and others",
      title          = "{An Ordinary Short Gamma-Ray Burst with Extraordinary
                        Implications: Fermi-GBM Detection of GRB 170817A}",
      journal        = "Astrophys. J.",
      volume         = "848",
      year           = "2017",
      pages          = "L14",
      doi            = "10.3847/2041-8213/aa8f41",
      eprint         = "1710.05446",
      archivePrefix  = "arXiv",
      primaryClass   = "astro-ph.HE",
      SLACcitation   = "%%CITATION = ARXIV:1710.05446;%%"
}

@article{Savchenko:2017ffs,
      author         = "Savchenko, V. and others",
      title          = "{INTEGRAL Detection of the First Prompt Gamma-Ray Signal
                        Coincident with the Gravitational-wave Event GW170817}",
      journal        = "Astrophys. J.",
      volume         = "848",
      year           = "2017",
      pages          = "L15",
      doi            = "10.3847/2041-8213/aa8f94",
      eprint         = "1710.05449",
      archivePrefix  = "arXiv",
      primaryClass   = "astro-ph.HE",
      SLACcitation   = "%%CITATION = ARXIV:1710.05449;%%"
}
@article{GBM:2017lvd,
      author         = "Abbott, B. P. and others",
      title          = "{Multi-messenger Observations of a Binary Neutron Star
                        Merger}",
      journal        = "Astrophys. J.",
      volume         = "848",
      year           = "2017",
      number         = "2",
      pages          = "L12",
      doi            = "10.3847/2041-8213/aa91c9",
      eprint         = "1710.05833",
      archivePrefix  = "arXiv",
      primaryClass   = "astro-ph.HE",
      reportNumber   = "LIGO-P1700294, VIR-0802A-17, FERMILAB-PUB-17-478-A-AE-CD",
      SLACcitation   = "%%CITATION = ARXIV:1710.05833;%%"
}
@article{Monitor:2017mdv,
      author         = "Abbott, B. P. and others",
      title          = "{Gravitational Waves and Gamma-rays from a Binary Neutron
                        Star Merger: GW170817 and GRB 170817A}",
      journal        = "Astrophys. J.",
      volume         = "848",
      year           = "2017",
      pages          = "L13",
      doi            = "10.3847/2041-8213/aa920c",
      eprint         = "1710.05834",
      archivePrefix  = "arXiv",
      primaryClass   = "astro-ph.HE",
      reportNumber   = "LIGO-P1700308",
      SLACcitation   = "%%CITATION = ARXIV:1710.05834;%%"
}
@article{LIGOScientific:2018mvr,
      author         = "Abbott, B. P. and others",
      title          = "{GWTC-1: A Gravitational-Wave Transient Catalog of
                        Compact Binary Mergers Observed by LIGO and Virgo during
                        the First and Second Observing Runs}",
      year           = "2018",
      eprint         = "1811.12907",
      archivePrefix  = "arXiv",
      primaryClass   = "astro-ph.HE",
      reportNumber   = "LIGO-P1800307",
      SLACcitation   = "%%CITATION = ARXIV:1811.12907;%%"
}


@article{Abbott:2018lct,
      author         = "Abbott, B. P. and others",
      title          = "{Tests of General Relativity with GW170817}",
      journal        = "Phys. Rev. Lett.",
      volume         = "123",
      year           = "2019",
      number         = "1",
      pages          = "011102",
      doi            = "10.1103/PhysRevLett.123.011102",
      eprint         = "1811.00364",
      archivePrefix  = "arXiv",
      primaryClass   = "gr-qc",
      reportNumber   = "LIGO-P1800059",
      SLACcitation   = "%%CITATION = ARXIV:1811.00364;%%"
}
@article{TheLIGOScientific:2016src,
      author         = "Abbott, B. P. and others",
      title          = "{Tests of general relativity with GW150914}",
      journal        = "Phys. Rev. Lett.",
      volume         = "116",
      year           = "2016",
      number         = "22",
      pages          = "221101",
      doi            = "10.1103/PhysRevLett.116.221101,
                        10.1103/PhysRevLett.121.129902",
      note           = "[Erratum: Phys. Rev. Lett.121,no.12,129902(2018)]",
      eprint         = "1602.03841",
      archivePrefix  = "arXiv",
      primaryClass   = "gr-qc",
      reportNumber   = "LIGO-P1500213",
      SLACcitation   = "%%CITATION = ARXIV:1602.03841;%%"
}

@article{LIGOScientific:2019fpa,
      author         = "Abbott, B. P. and others",
      title          = "{Tests of General Relativity with the Binary Black Hole
                        Signals from the LIGO-Virgo Catalog GWTC-1}",
      year           = "2019",
      eprint         = "1903.04467",
      archivePrefix  = "arXiv",
      primaryClass   = "gr-qc",
      reportNumber   = "LIGO-P1800316",
      SLACcitation   = "%%CITATION = ARXIV:1903.04467;%%"
}

@article{Andersson:2017kru,
	Archiveprefix = {arXiv},
	Author = {Andersson, Nils},
	Doi = {10.1007/s12036-017-9463-8},
	Eprint = {1709.07215},
	Journal = {J. Astrophys. Astron.},
	Pages = {58},
	Primaryclass = {astro-ph.HE},
	Slaccitation = {%%CITATION = ARXIV:1709.07215;%%},
	Title = {{Whispers from the edge of physics}},
	Volume = {38},
	Year = {2017},
	Bdsk-Url-1 = {https://doi.org/10.1007/s12036-017-9463-8}}

@article{Read:2013zra,
	Archiveprefix = {arXiv},
	Author = {Read, Jocelyn S. and Baiotti, Luca and Creighton, Jolien D. E. and Friedman, John L. and Giacomazzo, Bruno and Kyutoku, Koutarou and Markakis, Charalampos and Rezzolla, Luciano and Shibata, Masaru and Taniguchi, Keisuke},
	Doi = {10.1103/PhysRevD.88.044042},
	Eprint = {1306.4065},
	Journal = {Phys. Rev.},
	Pages = {044042},
	Primaryclass = {gr-qc},
	Slaccitation = {%%CITATION = ARXIV:1306.4065;%%},
	Title = {{Matter effects on binary neutron star waveforms}},
	Volume = {D88},
	Year = {2013},
	Bdsk-Url-1 = {https://doi.org/10.1103/PhysRevD.88.044042}}

@article{Woan:2018xxx,
	Archiveprefix = {arXiv},
	Author = {Woan, G. and Pitkin, M.~D. and Haskell, B. and Jones, D.~I. and Lasky, P.~D.},
	Doi = {10.3847/2041-8213/aad86a},
	Eprint = {1806.02822},
	Journal = {Astrophys J.},
	Pages = {Ls40},
	Primaryclass = {astro-ph.HE},
	Title = {{Evidence for a Minimum Ellipticity in Millisecond Pulsars}},
	Volume = {863},
	Year = {2018},
	Bdsk-Url-1 = {https://doi.org/10.3847/2041-8213/aad86a}}

@article{Baym:2017whm,
	Archiveprefix = {arXiv},
	Author = {Baym, Gordon and Hatsuda, Tetsuo and Kojo, Toru and Powell, Philip D. and Song, Yifan and Takatsuka, Tatsuyuki},
	Doi = {10.1088/1361-6633/aaae14},
	Eprint = {1707.04966},
	Journal = {Rept. Prog. Phys.},
	Number = {5},
	Pages = {056902},
	Primaryclass = {astro-ph.HE},
	Reportnumber = {RIKEN-ITHEMS-REPORT-17, RIKEN-QHP-316, RIKEN-iTHEMS-Report-17},
	Slaccitation = {%%CITATION = ARXIV:1707.04966;%%},
	Title = {{From hadrons to quarks in neutron stars: a review}},
	Volume = {81},
	Year = {2018},
	Bdsk-Url-1 = {https://doi.org/10.1088/1361-6633/aaae14}}

@article{LattimerPrakash2004,
	Author = {{Lattimer}, J.~M. and {Prakash}, M.},
	Doi = {10.1126/science.1090720},
	Journal = {Science},
	Month = apr,
	Pages = {536-542},
	Title = {{The Physics of Neutron Stars}},
	Volume = {304},
	Year = {2004},
	Bdsk-Url-1 = {https://doi.org/10.1126/science.1090720}}

@article{Banados:2016mwo,
	Archiveprefix = {arXiv},
	Author = {Ba\~{n}ados, E. and others},
	Doi = {10.3847/0067-0049/227/1/11},
	Eprint = {1608.03279},
	Journal = {Astrophys. J. Suppl.},
	Pages = {11},
	Primaryclass = {astro-ph.GA},
	Slaccitation = {%%CITATION = ARXIV:1608.03279;%%},
	Title = {{The Pan-STARRS1 distant $z>5.6$ quasar survey: more than 100 quasars within the first Gyr of the universe}},
	Volume = {227},
	Year = {2016},
	Bdsk-Url-1 = {https://doi.org/10.3847/0067-0049/227/1/11}}

% 

@article{Riess:2016jrr,
	Archiveprefix = {arXiv},
	Author = {Riess, A. G. and others},
	Doi = {10.3847/0004-637X/826/1/56},
	Eprint = {1604.01424},
	Journal = {Astrophys. J.},
	Pages = {56},
	Primaryclass = {astro-ph.CO},
	Slaccitation = {%%CITATION = ARXIV:1604.01424;%%},
	Title = {{A 2.4\% Determination of the Local Value of the Hubble Constant}},
	Volume = {826},
	Year = {2016},
	Bdsk-Url-1 = {https://doi.org/10.3847/0004-637X/826/1/56}}

@article{Riess:2018uxu,
	Archiveprefix = {arXiv},
	Author = {Riess, Adam G. and others},
	Doi = {10.3847/1538-4357/aaadb7},
	Eprint = {1801.01120},
	Journal = {Astrophys. J.},
	Number = {2},
	Pages = {136},
	Primaryclass = {astro-ph.SR},
	Slaccitation = {%%CITATION = ARXIV:1801.01120;%%},
	Title = {{New Parallaxes of Galactic Cepheids from Spatially Scanning the Hubble Space Telescope: Implications for the Hubble Constant}},
	Volume = {855},
	Year = {2018},
	Bdsk-Url-1 = {https://doi.org/10.3847/1538-4357/aaadb7}}

@article{Ade:2015xua,
	Archiveprefix = {arXiv},
	Author = {Ade, P. A. R. and others},
	Collaboration = {Planck},
	Doi = {10.1051/0004-6361/201525830},
	Eprint = {1502.01589},
	Journal = {Astron. Astrophys.},
	Pages = {A13},
	Primaryclass = {astro-ph.CO},
	Slaccitation = {%%CITATION = ARXIV:1502.01589;%%},
	Title = {{Planck 2015 results. XIII. Cosmological parameters}},
	Volume = {594},
	Year = {2016},
	Bdsk-Url-1 = {https://doi.org/10.1051/0004-6361/201525830}}

%

@article{Amati:2017npy,
	Archiveprefix = {arXiv},
	Author = {Amati, L. and others},
	Collaboration = {THESEUS},
	Doi = {10.1016/j.asr.2018.03.010},
	Eprint = {1710.04638},
	Journal = {Adv. Space Res.},
	Pages = {191-244},
	Primaryclass = {astro-ph.IM},
	Slaccitation = {%%CITATION = ARXIV:1710.04638;%%},
	Title = {{The THESEUS space mission concept: science case, design and expected performances}},
	Volume = {62},
	Year = {2018},
	Bdsk-Url-1 = {https://doi.org/10.1016/j.asr.2018.03.010}}

%

@article{Deffayet:2007kf,
	Archiveprefix = {arXiv},
	Author = {Deffayet, C. and Menou, K.},
	Doi = {10.1086/522931},
	Eprint = {0709.0003},
	Journal = {Astrophys. J.},
	Pages = {L143-L146},
	Primaryclass = {astro-ph},
	Slaccitation = {%%CITATION = ARXIV:0709.0003;%%},
	Title = {{Probing Gravity with Spacetime Sirens}},
	Volume = {668},
	Year = {2007},
	Bdsk-Url-1 = {https://doi.org/10.1086/522931}}

%

@article{Astone:2014esa,
      author         = "Astone, Pia and Colla, Alberto and D'Antonio, Sabrina and
                        Frasca, Sergio and Palomba, Cristiano",
      title          = "{Method for all-sky searches of continuous gravitational
                        wave signals using the frequency-Hough transform}",
      journal        = "Phys. Rev.",
      volume         = "D90",
      year           = "2014",
      pages          = "042002",
      doi            = "10.1103/PhysRevD.90.042002",
      eprint         = "1407.8333",
      archivePrefix  = "arXiv",
      primaryClass   = "astro-ph.IM",
      SLACcitation   = "%%CITATION = ARXIV:1407.8333;%%"
}


@article{Chan2018,
	Adsnote = {Provided by the SAO/NASA Astrophysics Data System},
	Adsurl = {https://ui.adsabs.harvard.edu/abs/2018PhRvD..97l3014C},
	Archiveprefix = {arXiv},
	Author = {{Chan}, Man Leong and {Messenger}, Chris and {Heng}, Ik Siong and {Hendry}, Martin},
	Doi = {10.1103/PhysRevD.97.123014},
	Eid = {123014},
	Eprint = {1803.09680},
	Journal = {\prd},
	Keywords = {Astrophysics - High Energy Astrophysical Phenomena},
	Month = {Jun},
	Number = {12},
	Pages = {123014},
	Primaryclass = {astro-ph.HE},
	Title = {{Binary neutron star mergers and third generation detectors: Localization and early warning}},
	Volume = {97},
	Year = {2018},
	Bdsk-Url-1 = {https://doi.org/10.1103/PhysRevD.97.123014}}

@article{Siegel2019,
	Adsnote = {Provided by the SAO/NASA Astrophysics Data System},
	Adsurl = {https://ui.adsabs.harvard.edu/abs/2019Natur.569..241S},
	Archiveprefix = {arXiv},
	Author = {{Siegel}, Daniel M. and {Barnes}, Jennifer and {Metzger}, Brian D.},
	Doi = {10.1038/s41586-019-1136-0},
	Eprint = {1810.00098},
	Journal = {\nat},
	Keywords = {Astrophysics - High Energy Astrophysical Phenomena, Astrophysics - Astrophysics of Galaxies, General Relativity and Quantum Cosmology},
	Month = {May},
	Number = {7755},
	Pages = {241-244},
	Primaryclass = {astro-ph.HE},
	Title = {{Collapsars as a major source of r-process elements}},
	Volume = {569},
	Year = {2019},
	Bdsk-Url-1 = {https://doi.org/10.1038/s41586-019-1136-0}}

@article{Siegel2016,
	Adsnote = {Provided by the SAO/NASA Astrophysics Data System},
	Adsurl = {https://ui.adsabs.harvard.edu/abs/2016ApJ...819...15S},
	Archiveprefix = {arXiv},
	Author = {{Siegel}, Daniel M. and {Ciolfi}, Riccardo},
	Doi = {10.3847/0004-637X/819/1/15},
	Eid = {15},
	Eprint = {1508.07939},
	Journal = {\apj},
	Keywords = {gamma-ray burst: general, gravitational waves, pulsars: general, stars: magnetars, stars: neutron, X-rays: general, Astrophysics - High Energy Astrophysical Phenomena, Astrophysics - Solar and Stellar Astrophysics, General Relativity and Quantum Cosmology},
	Month = {Mar},
	Number = {1},
	Pages = {15},
	Primaryclass = {astro-ph.HE},
	Title = {{Electromagnetic Emission from Long-lived Binary Neutron Star Merger Remnants. II. Lightcurves and Spectra}},
	Volume = {819},
	Year = {2016},
	Bdsk-Url-1 = {https://doi.org/10.3847/0004-637X/819/1/15}}

@article{Metzger2014,
	Adsnote = {Provided by the SAO/NASA Astrophysics Data System},
	Adsurl = {https://ui.adsabs.harvard.edu/abs/2014MNRAS.439.3916M},
	Archiveprefix = {arXiv},
	Author = {{Metzger}, Brian D. and {Piro}, Anthony L.},
	Doi = {10.1093/mnras/stu247},
	Eprint = {1311.1519},
	Journal = {\mnras},
	Keywords = {radiation mechanisms: non-thermal, gamma-ray burst: general, stars: magnetars, stars: magnetic field, stars: neutron, Astrophysics - High Energy Astrophysical Phenomena},
	Month = {Apr},
	Number = {4},
	Pages = {3916-3930},
	Primaryclass = {astro-ph.HE},
	Title = {{Optical and X-ray emission from stable millisecond magnetars formed from the merger of binary neutron stars}},
	Volume = {439},
	Year = {2014},
	Bdsk-Url-1 = {https://doi.org/10.1093/mnras/stu247}}

@article{Chornock:2019rrt,
	Archiveprefix = {arXiv},
	Author = {Chornock, Ryan and others},
	Eprint = {1903.04629},
	Primaryclass = {astro-ph.HE},
	Slaccitation = {%%CITATION = ARXIV:1903.04629;%%},
	Title = {{Multi-Messenger Astronomy with Extremely Large Telescopes}},
	Year = {2019}}
